@misc{github_repository,
  author = {Abdus Salam Khazi},
  howpublished = "\href{https://github.com/abduskhazi/ranking-loss-surrogates.git}{Code}",
  note = "[Online; accessed 06-Feb-2022]"
}

@misc{DeepEnsemblePaper,
      title={Simple and Scalable Predictive Uncertainty Estimation using Deep Ensembles},
      author={Balaji Lakshminarayanan and Alexander Pritzel and Charles Blundell},
      year={2017},
      eprint={1612.01474},
      archivePrefix={arXiv},
      primaryClass={stat.ML}
}

@misc{SMBOPaper,
      title={Sequential Model-Based Optimization for
General Algorithm Configuration},
      author={Frank Hutter, Holger H. Hoos and Kevin Leyton-Brown},
      howpublished = "\href{https://ml.informatik.uni-freiburg.de/wp-content/uploads/papers/11-LION5-SMAC.pdf}{Paper}"
}

@misc{GPTutorial,
  doi = {10.48550/ARXIV.2009.10862},
  url = {https://arxiv.org/abs/2009.10862},
  author = {Wang, Jie},
  keywords = {Machine Learning (stat.ML), Machine Learning (cs.LG), Robotics (cs.RO), FOS: Computer and information sciences, FOS: Computer and information sciences},
  title = {An Intuitive Tutorial to Gaussian Processes Regression},
  publisher = {arXiv},
  year = {2020},
  copyright = {arXiv.org perpetual, non-exclusive license}
}

@misc{MITMLBook,
      title={Machine Learning: A Probabilistic Perspective},
      author={K. P. Murphy},
      archivePrefix={The MIT Press},
      year = {2012}
}